<?xml version="1.0" encoding="UTF-8"?><collection xmlns="http://www.loc.gov/MARC21/slim"><record><leader>00380nam--2200121-i-4500</leader><controlfield tag="001">000047121</controlfield><controlfield tag="002">20161230</controlfield><controlfield tag="005">20161230201046</controlfield><controlfield tag="008">060222s1000------------r-----000-0-eng-d</controlfield><datafield ind1=" " ind2=" " tag="100"><subfield code="a">Whipple,Omer K</subfield></datafield><datafield ind1=" " ind2=" " tag="245"><subfield code="a">Chemical properties and identification of ions. an intr.to semimicro qualitative analysis</subfield></datafield><datafield ind1=" " ind2=" " tag="260"><subfield code="a">San Francisco, Wadsworth Publ.Co.Inc.,1961. Vii + 310 P</subfield></datafield><datafield ind1=" " ind2=" " tag="852"><subfield code="a">19650</subfield></datafield></record></collection>